% related work
@article{Li18,
  author    = {Huan Li and
               Richard Peng and
               Liren Shan and
               Yuhao Yi and
               Zhongzhi Zhang},
  title     = {Current Flow Group Closeness Centrality for Complex Networks},
  journal   = {CoRR},
  volume    = {abs/1802.02556},
  year      = {2018}
}

% group closeness
@inproceedings{Bergamini18,
  author    = {Elisabetta Bergamini and
               Tanya Gonser and
               Henning Meyerhenke},
  title     = {Scaling up Group Closeness Maximization},
  booktitle = {{ALENEX}},
  pages     = {209--222},
  publisher = {{SIAM}},
  year      = {2018}
}

% current flow
@inproceedings{Bergamini16,
  author    = {Elisabetta Bergamini and
               Michael Wegner and
               Dimitar Lukarski and
               Henning Meyerhenke},
  title     = {Estimating Current-Flow Closeness Centrality with a Multigrid Laplacian
               Solver},
  booktitle = {{CSC}},
  pages     = {1--12},
  publisher = {{SIAM}},
  year      = {2016}
}

@article{Ranjan13,
  author    = {Gyan Ranjan and
               Zhi{-}Li Zhang and
               Daniel Boley},
  title     = {Incremental Computation of Pseudo-Inverse of Laplacian: Theory and
               Applications},
  journal   = {CoRR},
  volume    = {abs/1304.2300},
  year      = {2013}
}